%% LaTeX2e file `doc.bib'
%% generated by the `filecontents' environment
%% from source `/home/kafa/.cache/gummi/.doc.tex' on 2017/05/10.
%%
@book{AD
  ,author    = {Pareigis, Stephan}
  ,title     = {Algorithmen und Datenstrukturen für Technische Informatiker}
  ,year      = {2017}
  ,chater    = 2
  ,publisher = {Hochschule für Angewanste Wissenschaften Hamburg}
  ,address   = {Department für Informatik}
}
